<?xml version="1.0" encoding="UTF-8"?><record xmlns="http://www.loc.gov/MARC21/slim" xmlns:cinclude="http://apache.org/cocoon/include/1.0" xmlns:zs="http://www.loc.gov/zing/srw/">
  <leader>00656nz  a2200157n  4500</leader>
  <controlfield tag="001">nb2008014839</controlfield>
  <controlfield tag="003">DLC</controlfield>
  <controlfield tag="005">20080713075038.0</controlfield>
  <controlfield tag="008">080711n| acannaabn          |a aaa      </controlfield>
  <datafield tag="010" ind1=" " ind2=" ">
    <subfield code="a">nb2008014839</subfield>
  </datafield>
  <datafield tag="035" ind1=" " ind2=" ">
    <subfield code="a">(Uk)007169567</subfield>
  </datafield>
  <datafield tag="040" ind1=" " ind2=" ">
    <subfield code="a">Uk</subfield>
    <subfield code="b">eng</subfield>
    <subfield code="c">Uk</subfield>
  </datafield>
  <datafield tag="100" ind1="1" ind2=" ">
    <subfield code="a">Zevallos-Quiñones Pita, Jorge</subfield>
  </datafield>
  <datafield tag="400" ind1="1" ind2=" ">
    <subfield code="a">Quiñones Pita, Jorge Zevallos-</subfield>
  </datafield>
  <datafield tag="400" ind1="1" ind2=" ">
    <subfield code="a">Pita, Jorge Zevallos-Quiñones</subfield>
  </datafield>
  <datafield tag="670" ind1=" " ind2=" ">
    <subfield code="a">The saving of conquistador Juan Navarro de Virués, 2006:</subfield>
    <subfield code="b">t.p. (Jorge Zevallos-Quiñones Pita) back cover flap (attorney; legal advisor for various mining and fishing companies; former prof. of administrative law; interested in post-Columbian manuscripts)</subfield>
  </datafield>
</record>